2228 3440
340 770 364 801 a
386 756 555 813 Lia.lib.5
565 789 579 809 ,

337 1515 365 1557 b
386 1516 465 1558 Val.
477 1521 579 1562 Μακ,

334 1572 433 1612 liba.
458 1585 580 1629 (φφ.

340 2675 364 2702 e
390 2661 499 2700 Παλ,
510 2675 575 2712 25.

340 2718 575 2761 Vel-Max.l.2

342 2784 464 2825 rapa,

807 586 904 649 Ds
955 608 1091 644 xviris
1144 603 1211 642 ετ
1265 605 1337 642 οε
1357 606 1407 641 r.
1438 604 1603 642 nuti..

607 667 803 753 citt'que
827 690 900 728 ne
915 668 1090 727 hostis
1106 664 1352 725 maxime
1367 663 1617 725 timedus
1632 663 1805 725 militi

606 752 786 815 effeta.
835 756 906 811 T.
925 756 1162 811 Scaurus
1177 747 1358 807 filium
1381 794 1398 820 ,
1417 746 1651 827 quodin
1666 748 1806 807 saltu

606 836 954 895 Tridentino
972 832 1226 891 hostibus
1240 827 1484 904 cesserat,
1497 830 1556 888 in
1573 830 1808 908 conspe-

604 922 757 979 Ctum
785 919 941 977 suum
958 915 1147 975 venire
1163 914 1343 972 vetuit
1366 936 1377 968 :
1403 931 1578 992 quare
1592 910 1807 972 adoles-

603 1020 737 1060 cens
757 999 1042 1058 verecfidia
1061 996 1395 1076 ignominiae
1406 992 1633 1072 pressus,
1651 1012 1806 1052 mor-

605 1098 724 1140 tem
746 1080 1107 1140 fibicosciuit.
1139 1075 1443 1136 Marcellus
1457 1076 1596 1134 vero
1611 1076 1810 1135 mitius

603 1182 779 1243 agens
798 1210 814 1238 ‚
839 1162 1044 1220 milites
1069 1180 1100 1217 a
1122 1159 1332 1238 quibus
1356 1174 1482 1215 orta
1496 1155 1630 1236 fuga
1654 1155 1808 1230 effer,

601 1246 824 1324 quique
839 1263 1048 1323 pauore
1061 1241 1211 1320 ligna
1226 1238 1592 1318 reliquiffent,
1612 1237 1808 1318 seque-

603 1327 648 1383 ti
677 1345 867 1405 pugna
898 1328 1044 1383 inter
1076 1324 1282 1401 primas
1309 1321 1455 1378 acies
1481 1317 1808 1399 frequentes

604 1407 908 1480 induxit‚vt
927 1404 1086 1485 quod
1103 1401 1437 1482 ignominiae
1451 1417 1804 1477 acceperant,

603 1486 726 1545 aliis
743 1488 927 1565 preliis
945 1487 1198 1565 periculo
1215 1472 1808 1561 expiarentb.scnatus

607 1590 674 1627 au
685 1588 798 1628 tem
817 1572 1113 1627 Romanus
1125 1586 1244 1640 eos³
1260 1565 1360 1643 qui
1376 1562 1808 1620 commilitones

605 1650 735 1709 suos
766 1656 1085 1729 pugnantes
1111 1646 1260 1725 apud
1293 1647 1525 1703 Cannas
1547 1640 1807 1700 deserue-

606 1750 732 1792 rant
758 1778 773 1804 ,
819 1733 978 1810 graui
1011 1729 1241 1788 decreto
1264 1726 1408 1785 vltra
1437 1740 1807 1782 mortuorum

605 1815 967 1874 coditionem
983 1812 1040 1869 in
1056 1808 1305 1870 Siciliam
1320 1806 1589 1885 relegauit
1606 1852 1622 1877 ,
1636 1808 1691 1863 &
1717 1823 1807 1862 ac·

602 1898 825 1972 ceptisa
844 1892 1117 1952 Marcello
1133 1890 1336 1948 litteris
1362 1935 1377 1962 ‚
1405 1904 1463 1945 vt
1478 1893 1619 1946 eort'i
1634 1905 1810 1964 opera

603 1978 674 2034 ad
699 1977 1188 2056 expugnationem
1216 1966 1607 2050 Syracusarum
1630 1969 1711 2025 vti
1737 1967 1808 2025 li-

602 2078 776 2133 ceret,
805 2054 1067 2135 rescripfit
1084 2054 1356 2133 indignos
1370 2048 1474 2110 effe
1490 2096 1508 2122 ,
1531 2051 1633 2130 qui
1649 2050 1706 2106 in
1720 2066 1809 2105 ca-

603 2141 706 2199 stra
725 2143 1106 2217 reciperentur
1121 2184 1136 2210 ,
1153 2155 1253 2195 nec
1266 2130 1552 2210 rempubl.
1569 2132 1635 2189 iis
1650 2150 1813 2188 com-

604 2224 906 2278 mittedam
927 2221 1317 2278 esle:ceterum
1336 2215 1448 2272 feei
1467 2215 1814 2290 permittere,

601 2320 665 2361 vt
678 2303 885 2360 faceret
901 2301 1060 2377 quod
1081 2296 1572 2374 reipub.expedire
1596 2293 1809 2350 iudica-

604 2383 860 2443 retxdum
879 2401 947 2439 ne
966 2382 1095 2458 quis
1124 2401 1189 2436 ex
1209 2380 1286 2434 eis
1316 2394 1549 2432 munere
1574 2387 1813 2446 vacaret,

601 2482 700 2522 aut
713 2465 875 2521 dono
893 2462 1108 2519 militiae
1124 2459 1463 2526 donaretur,
1493 2471 1591 2511 aut
1617 2454 1676 2509 in
1696 2456 1808 2511 lta-

602 2546 735 2604 liam
757 2594 773 2621 ,
790 2546 976 2602 donec
994 2541 1181 2600 hostes
1198 2540 1254 2595 in
1270 2556 1334 2595 ea
1347 2535 1520 2594 effcnt
1535 2580 1554 2606 ‚
1578 2532 1807 2593 accede-

603 2645 686 2686 ret
703 2645 722 2670 ε
736 2671 750 2686 .
798 2627 949 2684 idem
965 2623 1252 2681 decretum
1278 2616 1384 2676 fuit
1398 2616 1456 2673 in
1474 2615 1720 2694 e05‚qui
1736 2615 1808 2675 de

604 2708 851 2768 exercitu
872 2710 991 2766 Cn.
1010 2703 1188 2774 Fuluii
1218 2696 1476 2780 praetoris
1505 2697 1565 2755 in
1596 2695 1808 2775 Apulia

603 2789 758 2848 foede
784 2787 928 2862 caesi,
953 2784 1251 2866 fugatione
1279 2782 1598 2860 supererant
1617 2801 1630 2836 :
1647 2776 1807 2838 addi-

605 2872 849 2954 tumque
862 2867 1280 2952 ignominif,ne
1294 2866 1354 2928 in
1370 2859 1602 2950 oppidis
1617 2857 1808 2920 hiber-

1573 2957 1803 3023 natent,
