2228 3440
726 576 828 639 De
880 594 1014 637 Ῑνκε
1054 596 1126 633 ετ
1177 598 1316 634 01:12.
1348 597 1510 638 nur.

516 675 722 747 petum
751 662 813 722 in
845 657 1268 741 impedimenta
1308 658 1718 726 Romanorum

518 754 679 829 (quae
706 743 913 827 procul
933 742 1007 803 ab
1033 741 1269 802 armatis
1301 738 1415 803 fine
1438 742 1720 825 praefidio,

513 830 633 892 fine
671 832 1046 892 munimento
1086 824 1358 902 stabant)
1409 825 1715 901 faciente5‚

510 935 544 976 a
571 915 774 976 Marco
793 912 970 974 Fabio
998 909 1269 993 magistro
1285 909 1584 990 equitum,
1607 910 1721 974 ius.

512 999 571 1059 su
609 995 873 1070 Cornelii
907 996 1141 1055 Arinnae
1172 992 1470 1054 distatoris
1495 991 1718 1079 diffipa-

514 1084 560 1143 ti
587 1126 606 1152 ,
656 1078 1043 1162 impeditic‘Jue
1074 1076 1273 1139 misere
1305 1074 1422 1138 caefi
1447 1074 1574 1137 sunt
1597 1122 1616 1155 ,
1659 1081 1719 1140 δε

246 1189 273 1219 ⁸
288 1163 488 1215 15⁰5m²·⁸·
515 1166 813 1229 νίἃοτῑειῑη
844 1162 1125 1224 Romanis
1152 1161 1564 1223 tradiderunt2.
1582 1182 1722 1240 prae..

518 1268 670 1312 terea
692 1248 770 1307 ita
792 1245 970 1310 ferme
991 1249 1190 1309 euenit
1211 1293 1230 1321 ‚
1250 1247 1333 1306 vti
1363 1246 1520 1326 App.
1542 1245 1725 1308 Clau-

516 1334 650 1395 dius
675 1330 902 1393 dicebat
930 1380 948 1409 ‚
979 1348 1040 1392 vt
1064 1330 1294 1410 segnior
1317 1327 1383 1388 fit
1410 1329 1727 1408 praedator,

515 1435 580 1479 vt
606 1413 852 1498 quisque
888 1414 1103 1475 laboris
1136 1412 1492 1495 periculique
1521 1414 1687 1493 praeci
1706 1449 1728 1461 -

517 1521 694 1582 puam
712 1516 903 1581 petere
921 1516 1144 1578 partem
1159 1496 1301 1556 solet
1318 1541 1334 1557 .
1368 1499 1572 1576 ltaque
1586 1497 1729 1558 Veis

516 1588 702 1665 captis
742 1630 760 1660 ,
790 1602 1049 1664 quorum
1075 1578 1323 1662 praedam
1353 1580 1577 1640 senatus
1608 1581 1729 1639 mi-

516 1668 609 1728 lui
638 1664 986 1727 concesserat
1016 1714 1033 1740 ,
1080 1683 1204 1724 non
1237 1680 1430 1724 tamen
1474 1661 1575 1722 nifi
1603 1683 1728 1743 per·

521 1749 690 1813 miffu
734 1749 975 1810 Camilli
999 1749 1295 1808 diCtatoris
1319 1793 1338 1823 ,
1380 1746 1450 1807 ad
1481 1746 1731 1826 praedam

257 1853 280 1891 b
300 1844 493 1896 mla·
522 1834 830 1898 discurrere
866 1833 1030 1895 licuit
1058 1838 1113 1888 b.
1169 1829 1311 1892 ficut
1338 1849 1443 1890 nec
1467 1830 1538 1888 ad
1576 1849 1730 1908 prae-

525 1920 658 1982 dam
686 1918 846 1998 Epiri
868 1916 1173 1977 ciuitatum
1202 1962 1221 1989 ,
1266 1935 1395 1994 quae
1429 1912 1500 1972 ad
1535 1909 1733 1973 Persea

527 2004 859 2067 defecerant
875 2050 892 2078 ,
933 2020 966 2060 a
987 1999 1181 2061 senatu
1206 1997 1483 2058 exercitui
1506 1995 1698 2055 datam
1714 2044 1733 2072 ‚

261 2104 494 2156 tuuimlas
531 2087 635 2152 nifi
661 2086 827 2170 figno
852 2084 924 2146 ad
950 2082 1304 2165 diripiendas
1325 2079 1495 2142 vrbes
1519 2078 1659 2138 dato
1682 2094 1729 2139 τ.

530 2171 899 2254 Carthagine
926 2187 1172 2249 quoque
1204 2182 1365 2226 noua
1390 2179 1740 2244 expugnata,

527 2278 656 2319 arce
675 2258 917 2316 demum
932 2251 1124 2312 dedita
1140 2299 1158 2325 ‚
1174 2248 1339 2329 signo
1359 2247 1500 2307 dato
1516 2289 1534 2315 ,
1564 2246 1743 2304 victo-

266 2353 502 2400 duaimzae
531 2361 623 2404 res
652 2337 725 2399 ad
754 2337 1002 2417 praedam
1032 2331 1170 2394 verli
1199 2332 1330 2392 sunt
1354 2330 1403 2384 d.
1454 2327 1741 2405 Atqueita

530 2422 683 2488 redte
711 2415 1234 2480 constitutionibus
1269 2411 1430 2493 regni
1459 2409 1743 2488 Hispaniae

531 2507 814 2570 sancitum
839 2501 918 2560 est
956 2545 975 2574 ,
1018 2515 1079 2557 vt
1111 2497 1148 2554 fi
1174 2496 1307 2577 quis
1334 2490 1600 2552 nondum
1631 2489 1746 2550 de-

533 2590 703 2652 uicus
731 2579 994 2644 hostibus
1024 2579 1221 2660 praedae
1251 2570 1587 2646 incumbat,
1619 2591 1746 2653 par·

538 2690 663 2734 tem
701 2666 901 2751 praedae
938 2665 1168 2723 amittat
1196 2708 1215 2736 ‚
1260 2662 1317 2718 δε
1345 2656 1592 2735 duplum
1623 2657 1751 2716 eius

537 2753 709 2839 quod
738 2747 1018 2833 praedatus
1045 2745 1220 2804 fuerit
1243 2787 1263 2819 ,
1306 2740 1522 2822 praestet
1548 2783 1566 2814 ‚
1597 2739 1656 2797 δε
1682 2739 1748 2799 in

536 2837 891 2900 deteriorem
922 2828 1186 2889 militiam
1207 2825 1377 2887 detur
1402 2866 1420 2901 ,-
1504 2824 1577 2883 Et
1598 2822 1742 2904 qui-

541 2919 678 2990 dem
700 2917 740 2982 fi
762 2912 1141 3004 praedantium
1169 2909 1338 2996 culpa
1352 2955 1375 2990 ,
1397 2906 1589 2972 hostes
1594 2922 1745 3052 Επι-
