2228 3440
752 555 939 618 LIBER
993 573 1324 617 szcvnnvs.
1558 575 1654 639 157

455 643 515 705 δε
525 639 585 706 di
591 635 954 702 mitterentur
963 637 1287 702 incolumes
1301 683 1320 714 ‚
1348 637 1404 697 δε
1418 634 1572 720 leges
1585 643 1661 705 iis

391 766 431 805 „
460 730 584 792 iure
593 722 727 787 belli
742 724 900 786 viffis
920 722 1366 804 imponerentur
1387 744 1400 778 ι
1420 721 1547 798 Ista,
1567 728 1664 790 in..

390 852 426 887 ,2
461 814 608 891 quit,
621 809 854 870 sentiitia
866 828 931 870 ea
943 807 1171 887 est,quae
1186 826 1318 889 neq;
1330 804 1546 869 amicos
1559 830 1661 891 pa-

385 933 430 965 „
460 910 564 970 rat,
582 911 772 975 neque
782 894 1053 954 inimicos
1066 889 1194 950 tolli
1209 938 1227 967 ,
1250 891 1461 954 seruare
1476 895 1664 958 modo

389 1015 431 1049 »a
447 997 614 1061 quos
637 976 963 1059 ignominia
985 973 1295 1036 irritaueris
1312 1020 1328 1038 .
1360 992 1423 1037 ea
1443 976 1523 1038 est
1540 978 1665 1040 Ro-

388 1099 430 1133 „
459 1079 627 1136 mana
641 1062 763 1142 ges,
777 1075 905 1138 quae
916 1056 1058 1115 vidia
1072 1056 1354 1137 quiescere
1368 1059 1540 1122 nescit
1551 1084 1568 1120 ·.
1580 1065 1667 1126 vi-

388 1183 431 1215 „
458 1141 731 1222 uetstmp
744 1138 803 1198 in
816 1136 1146 1217 pectoribus
1159 1140 1354 1219 illori'i,
1376 1144 1671 1228 quidquid

387 1265 430 1299 a>
458 1226 640 1289 isthuc
650 1219 886 1304 praesens
900 1219 1098 1280 neceffi
1106 1238 1188 1284 tas
1200 1224 1322 1284 iniu
1330 1228 1516 1289 uxerit
1525 1274 1544 1308 ³
1565 1250 1669 1295 ne-

386 1345 428 1380 „
456 1327 571 1390 que
582 1325 684 1366 eos
696 1318 828 1366 ante
846 1302 1200 1383 multiplices
1224 1323 1427 1384 poenas
1443 1317 1667 1392 expeti-

385 1428 426 1461 „
456 1384 762 1452 tasavobis
775 1384 1059 1467 quiescere
1071 1383 1315 1447 sinet-At
1330 1408 1533 1451 neutra
1544 1394 1671 1456 sen-

453 1471 634 1535 tentia
648 1486 876 1550 accepta
888 1466 1001 1528 fuit
1017 1490 1035 1525 .·
1051 1468 1142 1530 sed
1158 1470 1441 1533 Romanis
1465 1474 1670 1550 subina-

449 1574 593 1639 gum
613 1550 783 1616 miffis
797 1597 817 1629 ‚
841 1570 950 1634 pax
962 1550 1060 1613 illa
1086 1552 1356 1617 Caudina
1368 1552 1511 1619 faCta
1528 1559 1666 1624 fuiti

448 1659 567 1722 qua
580 1636 820 1720 posteas
853 1652 970 1697 reta
989 1634 1225 1700 asenatu
1240 1682 1262 1710 ,
1284 1637 1453 1721 qub‘d
1468 1645 1670 1710 minus

447 1722 559 1787 εὶῑὲ
576 1722 719 1783 fasta
739 1739 771 1782 e
817 1735 897 1795 et,
915 1717 1125 1782 deditis
1138 1722 1296 1805 pacis
1307 1725 1664 1792 audioribusz

448 1810 509 1869 &
525 1801 887 1869 Samnitibus
902 1822 1011 1884 pro
1029 1804 1264 1885 superba
1280 1825 1419 1889 pace
1433 1810 1670 1874 infestis-

447 1890 658 1952 fimum
669 1885 999 1951 cernetibus
1013 1907 1277 1952 renatum
1292 1889 1666 1971 bellum‚om-

448 1977 545 2038 nia
568 1992 696 2055 quae
719 1969 859 2034 inde
883 1988 1197 2051 venerunt,
1220 1994 1345 2037 non
1369 1977 1432 2037 in
1451 1980 1666 2040 animis

449 2058 634 2120 solum
657 2099 678 2127 ,
725 2054 816 2118 sed
839 2048 1026 2137 prop&
1045 2056 1108 2118 in
1137 2057 1324 2132 oculis
1350 2078 1514 2120 erant
1550 2085 1564 2118 ε
1603 2065 1664 2120 ὃς

449 2140 572 2211 stro
604 2140 995 2223 nequicquam
1025 2138 1257 2202 laudata
1291 2140 1434 2201 senis
1462 2145 1664 2218 Pontii

447 2241 691 2306 Vtraque
720 2221 956 2284 consilia
995 2246 1008 2281 ε
1049 2223 1202 2283 inter
1226 2243 1356 2303 quae
1393 2222 1443 2282 se
1469 2222 1666 2285 inedia

443 2306 632 2387 lapsos
657 2308 906 2368 vistoriae
941 2301 1346 2382 poss'effionem
1376 2324 1516 2383 pace
1555 2306 1665 2364 in-

439 2406 596 2448 certa
624 2387 898 2459 mutasse,
932 2389 990 2442 &
1023 2384 1290 2462 beneficii
1316 2388 1372 2443 ὅ(
1402 2387 1663 2469 maleficii

436 2468 741 2532 occafione
756 2465 957 2527 omiss'a
972 2513 990 2542 ,
1014 2486 1383 2549 pugnaturos
1399 2490 1536 2533 cum
1565 2466 1660 2548 iis,

437 2573 595 2637 quos
625 2567 938 2634 potuerant
964 2551 1025 2609 in
1056 2571 1403 2634 perpetuum
1431 2557 1523 2619 vel
1549 2557 1657 2621 ini-

442 2639 627 2700 micos
652 2635 857 2698 tollere
881 2684 900 2713 2
936 2633 1030 2696 vel
1061 2639 1288 2700 amicos
1311 2639 1497 2702 facere
1523 2653 1546 2685 ἃ
1568 2687 1582 2704 .
1684 2674 1708 2706 a
1732 2664 1930 2718 [imiimi

446 2722 785 2802 prudentius
815 2719 958 2782 verb
987 2720 1247 2783 Romani
1277 2767 1294 2786 .
1349 2744 1484 2787 nam
1518 2726 1657 2793 cum

388 2810 421 2875 3
450 2805 730 2870 Camillus
764 2804 792 2835 '⁴‘
814 2806 977 2867 vietis
1012 2807 1071 2865 &
1102 2806 1452 2886 perdomitis
1488 2810 1658 2874 Lati-

440 2890 533 2957 nis
552 2938 576 2978 ,
607 2890 684 2958 ad
706 2889 967 2960 senatum
993 2891 1144 2977 quid
1165 2892 1241 2958 de
1274 2897 1345 2961 iis
1363 2895 1495 2961 vsieri
1519 2898 1658 2978 pla-

1481 3000 1657 3070 cerer,
